<record><leader>00000cas a22000007a 4500</leader><controlfield tag="001">14878081</controlfield><controlfield tag="008">861126d1uuu1969iauwr ne      0    0eng d</controlfield><datafield ind1=" " ind2=" " tag="010"><subfield code="a">sn 86061183 </subfield></datafield><datafield ind1=" " ind2=" " tag="040"><subfield code="a">INP</subfield><subfield code="b">eng</subfield><subfield code="c">INP</subfield><subfield code="d">OCLCQ</subfield></datafield><datafield ind1=" " ind2=" " tag="042"><subfield code="a">msc</subfield></datafield><datafield ind1="0" ind2="4" tag="245"><subfield code="a">The Woodward enterprise.</subfield></datafield><datafield ind1=" " ind2=" " tag="260"><subfield code="a">Woodward, Iowa :</subfield><subfield code="b">Charles Haworth,</subfield><subfield code="c">-1969.</subfield></datafield><datafield ind1=" " ind2=" " tag="300"><subfield code="a">v. :</subfield><subfield code="b">ill.</subfield></datafield><datafield ind1=" " ind2=" " tag="310"><subfield code="a">Weekly</subfield></datafield><datafield ind1="0" ind2=" " tag="362"><subfield code="a">-v. 83, no. 12 (Oct. 30, 1969).</subfield></datafield><datafield ind1=" " ind2=" " tag="500"><subfield code="a">Publisher varies.</subfield></datafield><datafield ind1=" " ind2=" " tag="588"><subfield code="a">Description based on: Vol. 20, no. 30 (July 25, 1907).</subfield></datafield><datafield ind1=" " ind2=" " tag="752"><subfield code="a">United States</subfield><subfield code="b">Iowa</subfield><subfield code="c">Dallas</subfield><subfield code="d">Woodward.</subfield></datafield><datafield ind1="0" ind2="0" tag="780"><subfield code="t">Enterprise (Woodward, Iowa)</subfield><subfield code="w">(DLC)sn 86061182</subfield></datafield><datafield ind1="0" ind2="7" tag="785"><subfield code="t">Dallas Center times (Dallas Center, Iowa : 1906)</subfield><subfield code="w">(DLC)sn 87057186</subfield></datafield><datafield ind1="0" ind2="7" tag="785"><subfield code="t">Northeast Dallas County record (Woodward enterprise ed.)</subfield><subfield code="w">(DLC)sn 86061184</subfield></datafield></record>